<?xml version="1.0" encoding="UTF-8"?><collection xmlns="http://www.loc.gov/MARC21/slim"><record><leader>00673nam--2200241-u-4500</leader><controlfield tag="001">000050400</controlfield><controlfield tag="002">20161230</controlfield><controlfield tag="003">81750</controlfield><controlfield tag="005">20161230201048</controlfield><controlfield tag="008">070306s1000------------r-----000-0-eng-d</controlfield><datafield ind1=" " ind2=" " tag="020"><subfield code="a">0-387-21386-4</subfield></datafield><datafield ind1=" " ind2=" " tag="040"><subfield code="a">IFIN-HH</subfield></datafield><datafield ind1=" " ind2=" " tag="041"><subfield code="a">eng</subfield></datafield><datafield ind1=" " ind2=" " tag="080"><subfield code="a">530.145</subfield></datafield><datafield ind1="1" ind2=" " tag="100"><subfield code="a">Nair, Parameswaran V</subfield></datafield><datafield ind1="1" ind2="0" tag="245"><subfield code="a">Quantum Field Theory. A Modern Perspective</subfield><subfield code="c">V. Parameswaran Nair</subfield></datafield><datafield ind1=" " ind2=" " tag="260"><subfield code="a">New York</subfield><subfield code="b">Springer</subfield><subfield code="c">2005</subfield></datafield><datafield ind1=" " ind2=" " tag="300"><subfield code="a">557 p</subfield></datafield><datafield ind1=" " ind2=" " tag="490"><subfield code="a">Graduate Text in Contemporary Physics</subfield></datafield><datafield ind1=" " ind2=" " tag="504"><subfield code="a">Includes bibliographical reference and index</subfield></datafield><datafield ind1=" " ind2="4" tag="650"><subfield code="a">Elements of differential geometry</subfield></datafield><datafield ind1=" " ind2=" " tag="852"><subfield code="c">530.145</subfield></datafield><datafield ind1=" " ind2=" " tag="CAT"><subfield code="a">Sys</subfield><subfield code="c">20110404</subfield><subfield code="h">133602</subfield></datafield></record></collection>